
@Article{	  abbas2005,
  author	= {Abbas, Ali and Saddik, Abdulmotaleb El and Miri, Ali},
  journal	= {Computer Science and Engineering},
  number	= {1},
  pages		= {27--36},
  title		= {{A State of the Art Security Taxonomy of Internet
		  Security: Threats and Countermeasures}},
  url		= {http://citeseerx.ist.psu.edu/viewdoc/download?doi=10.1.1.134.5186\&rep=rep1\&type=pdf},
  volume	= {1},
  year		= {2005}
}

@Misc{		  amazon-db,
  author	= {{Amazon}},
  title		= "DynamoDB",
  howpublished	= {\url{aws.amazon.com/dynamodb}}
}

@Misc{		  amazon-ec2,
  author	= {{Amazon}},
  title		= "Elastic Cloud Compute",
  howpublished	= {\url{aws.amazon.com/ec2}}
}

@Misc{		  amazon-hsm,
  author	= {{Amazon}},
  title		= "Cloud HSM",
  howpublished	= {\url{aws.amazon.com/cloudhsm}}
}

@Misc{		  amazon-s3,
  author	= {{Amazon}},
  title		= "Simple Storage Service",
  howpublished	= {\url{aws.amazon.com/s3}}
}

@InProceedings{	  anderson2001,
  author	= {Anderson, Ross},
  booktitle	= {Seventeenth Annual Computer Security Applications
		  Conference},
  doi		= {10.1109/ACSAC.2001.991552},
  isbn		= {0-7695-1405-7},
  pages		= {358--365},
  publisher	= {IEEE Comput. Soc},
  title		= {{Why information security is hard - an economic
		  perspective}},
  url		= {ieeexplore.ieee.org/lpdocs/epic03/wrapper.htm?arnumber=991552},
  year		= {2001}
}

@Misc{		  apache,
  author	= {Apache Software Foundation, The},
  title		= "Apache HTTP Server Project",
  howpublished	= {\url{https://httpd.apache.org/}}
}

@Misc{		  apple-icloud,
  author	= {Apple Inc},
  title		= "iCloud",
  howpublished	= {\url{www.apple.com/icloud}}
}

@Misc{		  apple-icloudleak,
  author	= {{Apple Inc}},
  title		= {Update to Celebrity Photo Investigation},
  month		= {September},
  year		= {2014},
  howpublished	= {\url{www.marketwatch.com/story/apple-media-advisory-2014-09-02}}
}

@Misc{		  apple-pay,
  author	= {{Apple}},
  title		= {Apple Pay},
  howpublished	= {\url{www.apple.com/apple-pay/}}
}

@Article{	  ars-android-encrypt,
  author	= {Amadeo, Ron},
  journal	= {Ars Technica},
  title		= {{Android L will have device encryption on by default}},
  url		= {arstechnica.com/gadgets/2014/09/android-l-will-have-device-encryption-on-by-default/},
  year		= {2014},
  month		= {Sep}
}

@Article{	  ars-ios-encrypt,
  author	= {Farivar, Cyrus},
  journal	= {Ars Technica},
  title		= {{Apple expands data encryption under iOS 8, making
		  handover to cops moot}},
  url		= {arstechnica.com/apple/2014/09/apple-expands-data-encryption-under-ios-8-making-handover-to-cops-moot/},
  year		= {2014},
  month		= {Sep}
}

@Article{	  atlantic-google-iam,
  author	= {Rosen, Rebecca J.},
  journal	= {The Atlantic},
  title		= {{Google Death: A Tool to Take Care of Your Gmail When
		  You're Gone}},
  url		= {www.theatlantic.com/technology/archive/2013/04/google-death-a-tool-to-take-care-of-your-gmail-when-youre-gone/274934/},
  year		= {2013},
  month		= {Apr}
}

@Article{	  atwood2007,
  author	= {Atwwod, Jeff},
  journal	= {Cosing Horror: Programming and Human Factors},
  title		= {{Building a Computer the Google Way}},
  url		= {http://blog.codinghorror.com/building-a-computer-the-google-way/},
  year		= {2007},
  month		= {Mar}
}

@InProceedings{	  bessani2011,
  author	= {Bessani, Alysson and Correia, Miguel and Quaresma, Bruno
		  and Andre, Fernando and Sousa, Paulo},
  booktitle	= {Proceedings of the sixth conference on Computer systems},
  isbn		= {9781450306348},
  pages		= {31--46},
  title		= {{DepSky: Dependable and secure storage in a
		  cloud-of-clouds}},
  url		= {dl.acm.org/citation.cfm?id=1966449},
  year		= {2011}
}

@InProceedings{	  bethencourt2007,
  author	= {Bethencourt, John and Sahai, Amit and Waters, Brent},
  booktitle	= {IEEE Symposium on Security and Privacy, 2007},
  doi		= {10.1109/SP.2007.11},
  isbn		= {0-7695-2848-1},
  issn		= {1081-6011},
  month		= may,
  pages		= {321--334},
  publisher	= {IEEE},
  title		= {{Ciphertext-Policy Attribute-Based Encryption}},
  url		= {http://ieeexplore.ieee.org/lpdocs/epic03/wrapper.htm?arnumber=4223236},
  year		= {2007}
}

@Article{	  bhargava2011,
  author	= {Bhargava, Bharat and Singh, Noopur and Sinclair, Asher D},
  journal	= {SPIE Defense, Security and Sensing 2011 Conference},
  number	= {0704},
  pages		= {7},
  title		= {{Privacy in Cloud Computing Through Identity Management}},
  url		= {http://www.dtic.mil/cgi-bin/GetTRDoc?AD=ADA552741\&Location=U2\&doc=GetTRDoc.pdf},
  volume	= {298},
  year		= {2011}
}

@InProceedings{	  bishop1996,
  author	= {Bishop, Matt},
  booktitle	= {SHARE 86.0},
  number	= {916},
  pages		= {1--38},
  title		= {{Unix security: threats and solutions}},
  url		= {seclab.cs.ucdavis.edu/projects/vulnerabilities/scriv/1996-share86.pdf},
  year		= {1996}
}

@Misc{		  bittorrent-sync,
  author	= {{BitTorrent}},
  title		= "Sync",
  howpublished	= {\url{www.getsync.com}}
}

@Article{	  black2005,
  author	= {Black, John and Rogaway, Phillip},
  doi		= {10.1007/s00145-004-0016-3},
  isbn		= {3-540-67907-3},
  issn		= {09332790},
  journal	= {Journal of Cryptology},
  number	= {2},
  pages		= {111--131},
  title		= {{CBC MACs for arbitrary-length messages: The three-key
		  constructions}},
  volume	= {18},
  year		= {2005}
}

@Article{	  blaze1993,
  author	= {Blaze, Matt},
  doi		= {10.1145/168588.168590},
  isbn		= {0897916298},
  journal	= {The 1st ACM Conference on Computer and Communication
		  Security},
  pages		= {9--16},
  title		= {{A cryptographic file system for UNIX}},
  url		= {portal.acm.org/citation.cfm?doid=168588.168590$\backslash$npapers2://publication/doi/10.1145/168588.168590},
  year		= {1993}
}

@Article{	  blaze1996,
  address	= {Berlin, Heidelberg},
  author	= {Blaze, Matt},
  doi		= {10.1007/3-540-61996-8},
  editor	= {Anderson, Ross},
  isbn		= {978-3-540-61996-3},
  journal	= {Information Hiding},
  publisher	= {Springer Berlin Heidelberg},
  series	= {Lecture Notes in Computer Science},
  title		= {{Oblivious Key Escrow}},
  url		= {link.springer.com/chapter/10.1007/3-540-61996-8\_50},
  volume	= {1174},
  year		= {1996}
}

@InProceedings{	  borisov2004,
  author	= {Borisov, Nikita and Goldberg, Ian and Brewer, Eric},
  booktitle	= {Workshop on Privacy in the Electronic Society},
  isbn		= {1581139683},
  title		= {{Off-the-Record Communication, or, Why Not To Use PGP}},
  year		= {2004}
}

@Article{	  brenner2011,
  author	= {Brenner, Michael and Wiebelitz, Jan and {Von Voigt},
		  Gabriele and Smith, Matthew},
  doi		= {10.1109/DEST.2011.5936608},
  isbn		= {9781457708725},
  issn		= {21504938},
  journal	= {IEEE International Conference on Digital Ecosystems and
		  Technologies},
  number	= {June},
  pages		= {114--119},
  title		= {{Secret program execution in the cloud applying
		  homomorphic encryption}},
  volume	= {5},
  year		= {2011}
}

@InProceedings{	  breuer2013,
  author	= {Breuer, Peter T. and Bowen, Jonathan P.},
  title		= {A Fully Homomorphic Crypto-processor Design: Correctness
		  of a Secret Computer},
  booktitle	= {Proceedings of the 5th International Conference on
		  Engineering Secure Software and Systems},
  series	= {ESSoS'13},
  year		= {2013},
  isbn		= {978-3-642-36562-1},
  location	= {Paris, France},
  pages		= {123--138},
  numpages	= {16},
  url		= {http://dx.doi.org/10.1007/978-3-642-36563-8_9},
  doi		= {10.1007/978-3-642-36563-8_9},
  acmid		= {2450197},
  publisher	= {Springer-Verlag},
  address	= {Berlin, Heidelberg}
}

@Article{	  brodkin-passman,
  author	= {Brodkin, Jon},
  journal	= {Ars Technica},
  title		= {The secret to online safety: Lies, random characters, and
		  a password manager},
  url		= {arstechnica.com/information-technology/2013/06/the-secret-to-online-safety-lies-random-characters-and-a-password-manager},
  year		= {2013}
}

@Article{	  calero2010,
  author	= {Calero, Jose M. Alcaraz and Edwards, Nigel and Kirschnick,
		  Johannes and Wilcock, Lawrence and Wray, Mike},
  doi		= {10.1109/MSP.2010.194},
  issn		= {1540-7993},
  journal	= {IEEE Security {\&} Privacy Magazine},
  month		= {nov},
  number	= {6},
  pages		= {48--55},
  title		= {{Toward a Multi-Tenancy Authorization System for Cloud
		  Services}},
  url		= {http://ieeexplore.ieee.org/lpdocs/epic03/wrapper.htm?arnumber=5655242},
  volume	= {8},
  year		= {2010}
}

@TechReport{	  callas2007,
  author	= {Callas, J. and Donnerhacke, L. and Finney, H. and Shaw, D.
		  and Thayer, R.},
  pages		= {1--91},
  title		= {{RFC 1880: OpenPGP Message Format}},
  url		= {tools.ietf.org/html/rfc1880},
  year		= {2007}
}

@InCollection{	  camp2003,
  address	= {Berlin},
  author	= {Camp, L. Jean},
  booktitle	= {Trust, Reputation, and Security},
  doi		= {10.1007/3-540-36609-1},
  isbn		= {978-3-540-00988-7},
  issn		= {16130073},
  publisher	= {Rino Falcone, Springer-Verlang},
  title		= {{Designing for trust}},
  year		= {2003}
}

@Misc{		  captcha,
  author	= {Carnegie Mellon},
  title		= "CAPTCHA",
  howpublished	= {\url{www.captcha.net}}
}

@Article{	  casado2007,
  author	= {Casado, Mart\`{\i}n and Freedman, Michael J and Pettit,
		  Justin and Luo, Jianying and McKeown, Nick and Shenker,
		  Scott},
  isbn		= {9781595937131},
  journal	= {ACM SIGCOMM Computer Communication Review},
  number	= {4},
  title		= {{Ethane: Taking control of the enterprise}},
  url		= {klamath.stanford.edu/~nickm/papers/ethane-sigcomm07.pdf},
  volume	= {37},
  year		= {2007}
}

@Misc{		  cassandra,
  author	= {Apache Software Foundation, The},
  title		= "Cassandra",
  howpublished	= {\url{cassandra.apache.org}}
}

@InProceedings{	  cattaneo2001,
  author	= {Cattaneo, Giuseppe and Catuogno, Luigi and Sorbo, Aniello
		  Del and Persiano, Pino},
  booktitle	= {USENIX Annual Technical Conference},
  doi		= {10.1.1.3.3627},
  pages		= {199--212},
  title		= {{The Design and Implementation of a Transparent
		  Cryptographic File System for UNIX.}},
  url		= {http://citeseerx.ist.psu.edu/viewdoc/download?doi=10.1.1.3.3627{\&}rep=rep1{\&}type=pdf},
  year		= {2001}
}

@TechReport{	  cebula2010,
  author	= {Cebula, James L. and Young, Lisa R.},
  number	= {December},
  title		= {{A taxonomy of operational cyber security risks}},
  url		= {oai.dtic.mil/oai/oai?verb=getRecord\&metadataPrefix=html\&identifier=ADA537111},
  year		= {2010}
}

@Misc{		  ceph,
  author	= {Inktank Storage},
  title		= "Ceph: The Future of Storage",
  howpublished	= {\url{ceph.com}}
}

@Misc{		  ceph-crush,
  author	= {Inktank Storage},
  title		= "Crush Maps",
  howpublished	= {\url{ceph.com/docs/master/rados/operations/crush-map/}}
}

@Misc{		  ceph-librbd-python,
  author	= {Inktank Storage},
  title		= "Librbd (Python)",
  howpublished	= {\url{docs.ceph.com/docs/master/rbd/librbdpy/}}
}

@Misc{		  ceph-librbd-src,
  author	= {Inktank Storage},
  title		= "Librbd Source Code",
  howpublished	= {\url{github.com/ceph/ceph/tree/master/src/librbd}}
}

@Misc{		  ceph-rbdfuse,
  author	= {Inktank Storage},
  title		= "RBD-FUSE - Ecpose RBD Images As Files",
  howpublished	= {\url{docs.ceph.com/docs/master/man/8/rbd-fuse/}}
}

@Misc{		  chatsecure,
  author	= {Ballinger, Chris},
  title		= {ChatSecure: Encrypted Messenger for iOS and Android},
  howpublished	= {\url{chatsecure.org}}
}

@Misc{		  chef,
  author	= {Opscode},
  title		= "Chef",
  howpublished	= {\url{https://www.opscode.com/chef}}
}

@Misc{		  cloudkeep,
  author	= {Rackspace},
  title		= "Cloud Keep",
  howpublished	= {\url{github.com/cloudkeep}}
}

@Misc{		  cloudkeep-presentation,
  author	= {Raim, Jarret and Tesauro, Matt},
  title		= "Cloud Keep: OpenStack key management as a Service",
  howpublished	= {\url{www.openstack.org/summit/portland-2013/session-videos/presentation/cloud-keep-openstack-key-management-as-a-service}}
}

@Misc{		  confidant,
  author	= {{Lyft}},
  title		= "Confidant: Your Secret Keeper",
  howpublished	= {\url{https://lyft.github.io/confidant/}}
}

@InProceedings{	  cox2002,
  author	= {Cox, Russ and Grosse, Eric and Pike, Rob and Presotto,
		  Dave and Quinlan, Sean},
  booktitle	= {USENIX Security},
  pages		= {3--16},
  title		= {{Security in Plan 9.}},
  url		= {www.usenix.org/publications/library/proceedings/sec02/cox.html},
  year		= {2002}
}

@Misc{		  cumulus4j,
  author	= {NightLabs Consulting GmbH},
  title		= "Cumulus4j",
  howpublished	= {\url{www.cumulus4j.org}}
}

@Misc{		  curl,
  author	= {Stenberg, Daniel},
  title		= "curl",
  howpublished	= {\url{curl.haxx.se}}
}

@MastersThesis{	  custos-masters,
  author	= {Sayler, Andy},
  title		= {{Custos: A Flexibly Secure Key-Value Storage Platform}},
  school	= {University of Colorado Boulder},
  year		= {2013},
  month		= {December}
}

@Misc{		  custos-repo-encfs,
  author	= {Sayler, Andy},
  title		= "EncFS Repo",
  howpublished	= {\url{github.com/asayler/custos-client-encfs}}
}

@Misc{		  custos-repo-libcustos,
  author	= {Sayler, Andy},
  title		= "libcustos Repo",
  howpublished	= {\url{github.com/asayler/custos-client-libcustos}}
}

@Misc{		  custos-repo-server,
  author	= {Sayler, Andy},
  title		= "Custos Server Repo",
  howpublished	= {\url{github.com/asayler/custos-server}}
}

@InProceedings{	  custos-trios,
  author	= {Andy Sayler and Dirk Grunwald},
  title		= {Custos: Increasing Security with Secret Storage as a
		  Service},
  booktitle	= {2014 Conference on Timely Results in Operating Systems
		  (TRIOS 14)},
  year		= {2014},
  month		= oct,
  address	= {Broomfield, CO},
  url		= {https://www.usenix.org/conference/trios14/technical-sessions/presentation/sayler},
  publisher	= {USENIX Association}
}

@TechReport{	  daemen1999,
  author	= {Daemen, Joan and Rijmen, Vincent},
  isbn		= {3540425802},
  title		= {{AES Proposal: Rijndael}},
  year		= {1999}
}

@Article{	  decandia2007,
  author	= {DeCandia, Giuseppe and Hastorun, Deniz and Jampani, Madan
		  and Kakulapati, Gunavardhan and Lakshman, Avinash and
		  Pilchin, Alex and Sivasubramanian, Swaminathan and
		  Vosshall, Peter and Vogels, Werner},
  doi		= {10.1145/1323293.1294281},
  isbn		= {9781595935915},
  issn		= {01635980},
  journal	= {ACM SIGOPS Operating Systems Review},
  month		= oct,
  number	= {6},
  pages		= {205},
  title		= {{Dynamo: Amazon's Highly Available Key-Value Store}},
  url		= {portal.acm.org/citation.cfm?doid=1323293.1294281},
  volume	= {41},
  year		= {2007}
}

@Article{	  denning1996,
  author	= {Denning, Dorothy E. and Branstad, Dennis K.},
  doi		= {10.1145/227234.227239},
  issn		= {00010782},
  journal	= {Communications of the ACM},
  month		= mar,
  number	= {3},
  pages		= {34--40},
  title		= {{A taxonomy for key escrow encryption systems}},
  url		= {https://portal.acm.org/citation.cfm?doid=227234.227239},
  volume	= {39},
  year		= {1996}
}

@TechReport{	  dierks2008,
  author	= {Dierks, T. and Rescorla, E.},
  pages		= {1--105},
  title		= {{RFC 5246: The Transport Layer Security (TLS) Protocol -
		  Version 1.2}},
  url		= {tools.ietf.org/html/rfc5246},
  year		= {2008}
}

@Article{	  diffie1976,
  author	= {Diffie, Whitfield and Hellman, Martin E.},
  journal	= {IEEE Transactions on Information Theory},
  number	= {6},
  pages		= {29--40},
  title		= {{New directions in cryptography}},
  url		= {ieeexplore.ieee.org/xpls/abs\_all.jsp?arnumber=1055638},
  volume	= {22},
  year		= {1976}
}

@Misc{		  dm-crypt,
  author	= {Broz, Milan},
  title		= "dm-crypt",
  howpublished	= {\url{code.google.com/p/cryptsetup/wiki/DMCrypt}}
}

@Article{	  dong2011,
  author	= {Dong, Yuan and Peng, Jinzhan and Wang, Dawei and Zhu,
		  Haiyang and Chan, Sun C. and Mesnier, Michael P.},
  doi		= {10.1145/1945023.1945036},
  issn		= {01635980},
  journal	= {ACM SIGOPS Operating Systems Review},
  number	= {1},
  pages		= {101--111},
  title		= {{RFS: a network file system for mobile devices and the
		  cloud}},
  url		= {dl.acm.org/citation.cfm?id=1945036},
  volume	= {45},
  year		= {2011}
}

@Misc{		  dropbox,
  author	= {{Dropbox Inc.}},
  title		= {Dropbox},
  howpublished	= {\url{www.dropbox.com}}
}

@Misc{		  dropbox-authbug,
  author	= {{Dropbox Inc.}},
  title		= {Yesterday's Authentication Bug},
  howpublished	= {\url{blog.dropbox.com/2011/06/yesterdays-authentication-bug/}}
}

@Misc{		  dropbox-passwords,
  author	= {{Dropbox Inc.}},
  title		= {Dropbox wan't hacked},
  howpublished	= {\url{blog.dropbox.com/2014/10/dropbox-wasnt-hacked/}}
}

@Misc{		  dropbox-security,
  author	= {{Dropbox Inc.}},
  title		= {Dropbox Security},
  howpublished	= {\url{www.dropbox.com/security}}
}

@Misc{		  dropbox-transparency,
  author	= {{Dropbox Inc.}},
  title		= {Dropbox Transparency Report},
  howpublished	= {\url{www.dropbox.com/transparency}}
}

@TechReport{	  dworkin2005,
  author	= {Dworkin, Morris},
  title		= {{Recommendation for Block Cipher Modes of Operation: The
		  CMAC Mode of Authencation}},
  institution	= {{National Institute of Standards \& Technology}},
  url		= {csrc.nist.gov/publications/nistpubs/800-38B/SP_800-38B.pdf},
  year		= {2005},
  number	= {800-38B}
}

@Misc{		  ecryptfs,
  author	= {Halcrow, Michael},
  title		= "eCryptfs",
  howpublished	= {\url{ecryptfs.org}}
}

@TechReport{	  eff-canary,
  author	= {Opsahl, Kurt},
  organization	= {{Electronic Frontier Foundation}},
  year		= {2014},
  month		= {April},
  title		= {{Warrant Canary Frequently Asked Questions}},
  url		= {www.eff.org/deeplinks/2014/04/warrant-canary-faq}
}

@Article{	  ellison1996,
  author	= {Ellison, C},
  journal	= {USENIX Security Symposium},
  title		= {{Establishing identity without certification
		  authorities}},
  url		= {www.usenix.org/publications/library/proceedings/sec96/full\_papers/ellison/ellison.ps},
  year		= {1996}
}

@Misc{		  enigmail,
  author	= {Enigmail Project, The},
  title		= "Enigmail",
  howpublished	= {\url{www.enigmail.net}}
}

@Misc{		  facebook,
  author	= {{Facebook, Inc}},
  title		= "Facebook",
  howpublished	= {\url{www.facebook.com}}
}

@Misc{		  fbi-nsl,
  author	= {{Federal Bureau of Investigation}},
  title		= {{FOIPA: National Security Letters}},
  howpublished	= {\url{vault.fbi.gov/National%20Security%20Letters%20(NSL)}},
  year		= {2007}
}

@Misc{		  ferpa,
  author	= {{U.S. Department of Education}},
  title		= {Family Educational Rights and Privacy Act},
  howpublished	= {\url{www2.ed.gov/policy/gen/guid/fpco/ferpa/index.html}}
}

@PhDThesis{	  fielding2000,
  author	= {Fielding, Roy Thomas},
  school	= {University of California Irvine},
  title		= {{Architectural Styles and the Design of Network-based
		  Software Architectures}},
  year		= {2000}
}

@Article{	  fips140,
  author	= {(NIST), National Institute of Standards \& Technology},
  journal	= {Federal Information Processing Standards Publication},
  title		= {{FIPS 140-2: Security Requirements for Cryptographic
		  Modules}},
  url		= {csrc.nist.gov/publications/fips/fips140-2/fips1402.pdf},
  year		= {2001}
}

@Article{	  firesmith2005,
  author	= {Firesmith, Donald G.},
  doi		= {10.1.1.66.6934},
  journal	= {International Workshop on High Assurance Systems},
  title		= {{A taxonomy of security-related requirements}},
  url		= {citeseerx.ist.psu.edu/viewdoc/download?doi=10.1.1.66.6934\&rep=rep1\&type=pdf},
  year		= {2005}
}

@Misc{		  fisc,
  author	= {{United States}},
  title		= {{Foreign Intelligence Surveillance Court}},
  howpublished	= {\url{www.fisc.uscourts.gov/}}
}

@Misc{		  fitbit,
  author	= {{Fitbit}},
  title		= {{About Fitbit}},
  howpublished	= {\url{http://www.fitbit.com/about}}
}

@Misc{		  flood2013,
  author	= {Flood, Gary},
  title		= {{Gartner Tells Outsourcers: Embrace Cloud Or Die}},
  year		= {2013},
  howpublished	= {\url{http://www.informationweek.com/cloud/infrastructure-as-a-service/gartner-tells-outsourcers-embrace-cloud-or-die/d/d-id/1110991}}
}

@InCollection{	  flowerday2006,
  address	= {Boston},
  author	= {Flowerday, Stephen and Solms, Rossouw Von},
  booktitle	= {Security and Privacy in Dynamic Environments},
  doi		= {10.1007/0-387-33406-8},
  editor	= {Fischer-H\"{u}bner, Simone and Rannenberg, Kai and
		  Yngstr\"{o}m, Louise and Lindskog, Stefan},
  isbn		= {0-387-33405-X},
  pages		= {87--98},
  publisher	= {Kluwer Academic Publishers},
  series	= {IFIP International Federation for Information Processing},
  title		= {{Trust: An Element of Information Security}},
  url		= {link.springer.com/chapter/10.1007/0-387-33406-8\_8},
  volume	= {201},
  year		= {2006}
}

@Misc{		  foster2014,
  author	= {Foster, Ben},
  title		= {{How many users on Facebook}},
  year		= {2014},
  howpublished	= {\url{www.benphoster.com/facebook-user-growth-chart-2004-2010/}}
}

@TechReport{	  freier2011,
  author	= {Freier, A. and Karlton, P. and Kocher, P.},
  pages		= {1--68},
  title		= {{RFC 6106: The Secure Socket Layer (SSL) Protocol -
		  Version 3.0}},
  url		= {tools.ietf.org/html/rfc6106},
  year		= {2011}
}

@MastersThesis{	  fu1998,
  author	= {Fu, Kevin E.},
  pages		= {1--85},
  school	= {Massachusetts Institute of Technology},
  title		= {{Group Sharing and Random Access in Cryptographic Storage
		  File Sytems}},
  url		= {http://groups.csail.mit.edu/cis/theses/fu-masters.pdf},
  year		= {1998}
}

@InCollection{	  furnell2006,
  address	= {Boston},
  author	= {Furnell, Steven and Jusoh, Adila and Katsabas, Dimitris
		  and Dowland, Paul},
  booktitle	= {Security and Privacy in Dynamic Environments},
  doi		= {10.1007/0-387-33406-8},
  editor	= {Fischer-H\"{u}bner, Simone and Rannenberg, Kai and
		  Yngstr\"{o}m, Louise and Lindskog, Stefan},
  isbn		= {0-387-33405-X},
  pages		= {307--316},
  publisher	= {Kluwer Academic Publishers},
  series	= {IFIP International Federation for Information Processing},
  title		= {{Considering the Usability of End-User Security
		  Software}},
  url		= {link.springer.com/chapter/10.1007/0-387-33406-8\_26},
  volume	= {201},
  year		= {2006}
}

@Article{	  furnell2006a,
  author	= {Furnell, S. M. and Jusoh, A. and Katsabas, D.},
  doi		= {10.1016/j.cose.2005.12.004},
  issn		= {01674048},
  journal	= {Computers \& Security},
  month		= feb,
  number	= {1},
  pages		= {27--35},
  title		= {{The challenges of understanding and using security: A
		  survey of end-users}},
  url		= {linkinghub.elsevier.com/retrieve/pii/S0167404805002038},
  volume	= {25},
  year		= {2006}
}

@Article{	  furnell2010,
  author	= {Furnell, Steven},
  doi		= {10.1016/S1353-4858(10)70147-1},
  issn		= {13534858},
  journal	= {Network Security},
  month		= dec,
  number	= {12},
  pages		= {13--17},
  publisher	= {Elsevier Ltd},
  title		= {{Usability versus complexity – striking the balance in
		  end-user security}},
  url		= {linkinghub.elsevier.com/retrieve/pii/S1353485810701471},
  year		= {2010}
}

@Misc{		  fuse,
  author	= {Szeredi, Miklos},
  title		= "FUSE: Filesystems in Userspace",
  howpublished	= {\url{fuse.sourceforge.net}}
}

@Misc{		  fusebox,
  author	= {Andrews, Taylor},
  title		= "FuseBox Source Code",
  howpublished	= {\url{github.com/https://github.com/taylorjandrews/FuseBox}}
}

@Misc{		  gazzang,
  author	= {Gazzang},
  title		= "zTrustee",
  howpublished	= {\url{www.gazzang.com/products/ztrustee}}
}

@InProceedings{	  geambasu2009,
  author	= {Geambasu, Roxana and Kohno, Tadayoshi and Levy, Amit A.
		  and Levy, Henry M.},
  booktitle	= {Proceedings of the 18th Conference on USENIX Security
		  Symposium},
  pages		= {299--316},
  title		= {{Vanish: Increasing Data Privacy with Self-Destructing
		  Data.}},
  url		= {www.usenix.org/legacy/events/sec09/tech/full\_papers/sec09\_crypto.pdf},
  year		= {2009}
}

@InProceedings{	  geambasu2011,
  address	= {New York, New York, USA},
  author	= {Geambasu, Roxana and John, John P. and Gribble, Steven D.
		  and Kohno, Tadayoshi and Levy, Henry M.},
  booktitle	= {Proceedings of EuroSys '11},
  doi		= {10.1145/1966445.1966447},
  isbn		= {9781450306348},
  pages		= {1--16},
  publisher	= {ACM Press},
  title		= {{Keypad: an auditing file system for theft-prone
		  devices}},
  url		= {dl.acm.org/ft\_gateway.cfm?id=1966447\&type=pdf},
  year		= {2011}
}

@Article{	  gellman-muscular,
  author	= {Gellman, Barton and Soltain, Ashkan},
  journal	= {{The Washington Post}},
  title		= {NSA infiltrates links to Yahoo, Google data centers
		  worldwide, Snowden documents say},
  url		= {http://www.washingtonpost.com/world/national-security/nsa-infiltrates-links-to-yahoo-google-data-centers-worldwide-snowden-documents-say/2013/10/30/e51d661e-4166-11e3-8b74-d89d714ca4dd_story.html},
  month		= {Oct},
  year		= {2013}
}

@PhDThesis{	  gentry2009,
  author	= {Gentry, Craig},
  doi		= {10.1145/1536414.1536440},
  isbn		= {9781605585062},
  number	= {September},
  pages		= {169},
  school	= {Stanford University},
  title		= {{A fully homomorphic encryption scheme}},
  url		= {http://cs.au.dk/~stm/local-cache/gentry-thesis.pdf},
  year		= {2009}
}

@Article{	  ghemawat2003,
  author	= {Ghemawat, Sanjay and Gobioff, Howard and Leung, Shun-Tak},
  doi		= {10.1145/1165389.945450},
  isbn		= {1581137575},
  issn		= {01635980},
  journal	= {ACM SIGOPS Operating Systems Review},
  month		= dec,
  number	= {5},
  pages		= {29--43},
  publisher	= {ACM},
  title		= {{The Google file system}},
  url		= {dl.acm.org/citation.cfm?id=945450},
  volume	= {37},
  year		= {2003}
}

@Misc{		  gnu-bash,
  author	= {Ramey, Chet},
  title		= "GNU Bash",
  howpublished	= {\url{http://www.gnu.org/software/bash/}}
}

@Misc{		  gnupg,
  author	= {Koch, Werner},
  title		= "GnuPG",
  howpublished	= {\url{www.gnupg.org}}
}

@Misc{		  goel2014,
  author	= {Goel, Vindu},
  title		= {{Facebook Tinkers With Users' Emotions in News Feed
		  Experiment, Stirring Outcry}},
  year		= {2014},
  month		= {June},
  note		= {{New York Times}},
  howpublished	= {\url{www.nytimes.com/2014/06/30/technology/facebook-tinkers-with-users-emotions-in-news-feed-experiment-stirring-outcry.html}}
}

@Article{	  goh2003,
  author	= {Goh, Eu-Jin and Shacham, Hovav and Modadugu, Nagendra and
		  Boneh, Dan},
  journal	= {NDSS},
  number	= {0121481},
  title		= {{SiRiUS: Securing Remote Untrusted Storage.}},
  url		= {www.isoc.org/isoc/conferences/ndss/03/proceedings/papers/9.pdf},
  year		= {2003}
}

@TechReport{	  goland1999,
  author	= {Y. Goland and W. Whitehead and A. Faizi and S. Carter and
		  D. Jensen},
  title		= {{RFC 1528: HTTP Extensions for Distributed Authoring --
		  WEBDAV}},
  pages		= {1--94},
  month		= {Feb},
  year		= {1999},
  url		= {tools.ietf.org/html/rfc2518}
}

@Article{	  goldberg1974,
  author	= {Goldberg, R.P},
  journal	= {IEEE Computer},
  number	= {4},
  pages		= {34--45},
  title		= {{A Survey of Virtual Machine Research}},
  volume	= {7},
  year		= {1974}
}

@InProceedings{	  goldberg2009,
  author	= {Goldberg, Ian and Gundy, Matthew D. Van and Chen, Hao and
		  Ustaoglu, Berkant},
  booktitle	= {Conference on Computer and Communications Security},
  isbn		= {9781605583525},
  title		= {{Multi-party Off-the-Record Messaging}},
  year		= {2009}
}

@Article{	  goodin-bible,
  author	= {Goodin, Dan},
  journal	= {Ars Technica},
  title		= {How the Bible and YouTube are fueling the next frontier of
		  password cracking},
  url		= {arstechnica.com/security/2013/10/how-the-bible-and-youtube-are-fueling-the-next-frontier-of-password-cracking},
  year		= {2013}
}

@Article{	  goodin-passwords,
  author	= {Goodin, Dan},
  journal	= {Ars Technica},
  title		= {Why passwords have never been weaker, and crackers have
		  never been stronger},
  url		= {arstechnica.com/security/2012/08/passwords-under-assault},
  year		= {2012}
}

@Misc{		  google-appengine,
  author	= {{Google}},
  title		= "App Engine",
  howpublished	= {\url{cloud.google.com/appengine/docs}}
}

@Misc{		  google-auth,
  author	= {{Google}},
  title		= "Authenticator",
  howpublished	= {\url{code.google.com/p/google-authenticator}}
}

@Misc{		  google-chrome,
  author	= {{Google}},
  title		= "Chrome",
  howpublished	= {\url{www.google.com/chrome}}
}

@Misc{		  google-compute,
  author	= {{Google}},
  title		= "Compute Engine",
  howpublished	= {\url{cloud.google.com/compute/}}
}

@Misc{		  google-docs,
  author	= {{Google}},
  title		= "Docs",
  howpublished	= {\url{docs.google.com}}
}

@Misc{		  google-drive,
  author	= {{Google}},
  title		= "Drive",
  howpublished	= {\url{drive.google.com}}
}

@Misc{		  google-efficiency,
  author	= {{Google}},
  title		= "Data Centers - Efficiency",
  howpublished	= {\url{www.google.com/about/datacenters/efficiency/internal/}}
}

@Misc{		  google-endtoend,
  author	= {{Google}},
  title		= "End-To-End",
  howpublished	= {\url{github.com/google/end-to-end}}
}

@Misc{		  google-gmail,
  author	= {{Google}},
  title		= "Gmail",
  howpublished	= {\url{mail.google.com}}
}

@Misc{		  google-music,
  author	= {{Google}},
  title		= {Google Play Music},
  howpublished	= {\url{music.google.com}}
}

@Misc{		  google-wallet,
  author	= {{Google}},
  title		= {Google Wallet},
  howpublished	= {\url{wallet.google.com}}
}

@InProceedings{	  goyal2006,
  address	= {New York, New York, USA},
  author	= {Goyal, Vipul and Pandey, Omkant and Sahai, Amit and
		  Waters, Brent},
  booktitle	= {Proceedings of the 13th ACM conference on Computer and
		  communications security - CCS '06},
  doi		= {10.1145/1180405.1180418},
  isbn		= {1595935185},
  pages		= {89},
  publisher	= {ACM Press},
  title		= {{Attribute-based encryption for fine-grained access
		  control of encrypted data}},
  url		= {portal.acm.org/citation.cfm?doid=1180405.1180418},
  year		= {2006}
}

@Article{	  green-challenge,
  author	= {Green, Matthew},
  journal	= {The New Yorker},
  title		= {The Daunting Challenge of Secure E-mail},
  url		= {www.newyorker.com/online/blogs/elements/2013/11/the-daunting-challenge-of-secure-e-mail.html},
  year		= {2013}
}

@Article{	  green-pgp,
  author	= {Green, Matthew},
  journal	= {A Few Thoughts on Crytophraphic Engineering},
  title		= {What's the matter with PGP?},
  url		= {http://blog.cryptographyengineering.com/2014/08/whats-matter-with-pgp.html},
  year		= {2014}
}

@Article{	  greenwald-collect,
  author	= {Greenwald, Glenn},
  journal	= {The Guardian},
  title		= {The crux of the NSA story in one phrase: 'collect it
		  all'},
  url		= {http://www.theguardian.com/commentisfree/2013/jul/15/crux-nsa-collect-it-all},
  year		= {2013},
  month		= {July}
}

@Article{	  greenwald-prism,
  author	= {Greenwald, Glenn and MacAskill, Ewen},
  journal	= {The Guardian},
  title		= {NSA Prism program taps in to user data of Apple, Google,
		  and others},
  url		= {www.theguardian.com/world/2013/jun/06/us-tech-giants-nsa-data},
  month		= {June},
  year		= {2013}
}

@Article{	  guardian-appleencrypt,
  author	= {Hern, Alex},
  journal	= {{The Guardian}},
  title		= {{Apple defies FBI and offers encryption by default on new
		  operating system}},
  url		= {http://www.theguardian.com/technology/2014/oct/17/apple-defies-fbi-encryption-mac-osx},
  year		= {2014},
  month		= {Oct}
}

@InProceedings{	  halcrow,
  address	= {Ottawa},
  author	= {Halcrow, Michael Austin},
  booktitle	= {Ottawa Linux Symposium},
  organization	= {International Business Machines, Inc},
  pages		= {201--218},
  title		= {{eCryptfs : An Enterprise-class Cryptographic Filesystem
		  for Linux}},
  year		= {2005}
}

@Misc{		  heartbleed,
  author	= {Codenomicon},
  title		= "The Heartbleed Bug",
  howpublished	= {\url{heartbleed.com}}
}

@InProceedings{	  heninger2012,
  author	= {Heninger, Nadia and Durumeric, Zakir and Wustrow, Eric and
		  Halderman, Alex J.},
  booktitle	= {Proceedings of the 21st USENIX Security Symposium},
  title		= {{Mining your Ps and Qs: Detection of widespread weak keys
		  in network devices}},
  url		= {www.usenix.org/system/files/conference/usenixsecurity12/sec12-final228.pdf},
  year		= {2012}
}

@Misc{		  heroku,
  author	= {Heroku},
  title		= "Heroku Platform",
  howpublished	= {\url{www.heroku.com}}
}

@Misc{		  hill2012,
  author	= {Hill, Kashmir},
  title		= {{How Target Figured Out A Teen Girl Was Pregnant Before
		  Her Father Did}},
  year		= {2012},
  month		= {Feb},
  note		= {{Forbes}},
  howpublished	= {\url{www.forbes.com/sites/kashmirhill/2012/02/16/how-target-figured-out-a-teen-girl-was-pregnant-before-her-father-did/}}
}

@Misc{		  hippa,
  author	= {{U.S. Department of Health and Human Services}},
  title		= {Understanding Health Information Privacy},
  howpublished	= {\url{www.hhs.gov/ocr/privacy/hipaa/understanding/index.html}}
}

@Article{	  howard1988,
  author	= {Howard, John H. and Kazar, Michael L. and Menees, Sherri
		  G. and Nichols, David A. and Satyanarayanan, M. and
		  Sidebotham, Robert N. and West, Michael J.},
  doi		= {10.1145/35037.35059},
  issn		= {07342071},
  journal	= {ACM Transactions on Computer Systems},
  month		= feb,
  number	= {1},
  pages		= {51--81},
  title		= {{Scale and performance in a distributed file system}},
  url		= {portal.acm.org/citation.cfm?doid=35037.35059},
  volume	= {6},
  year		= {1988}
}

@Book{		  howard1988-afs,
  author	= {Howard, JH},
  title		= {{An overview of the andrew file system}},
  url		= {http://ra.adm.cs.cmu.edu/anon/anon/usr0/ftp/itc/CMU-ITC-062.pdf},
  year		= {1988}
}

@InProceedings{	  hulsebosch2005,
  address	= {New York, New York, USA},
  author	= {Hulsebosch, R. J. and Salden, A. H. and Bargh, M. S. and
		  Ebben, P. W. G. and Reitsma, J.},
  booktitle	= {Proceedings of the tenth ACM symposium on Access control
		  models and technologies},
  doi		= {10.1145/1063979.1064000},
  isbn		= {1595930450},
  pages		= {111},
  publisher	= {ACM Press},
  title		= {{Context sensitive access control}},
  url		= {dl.acm.org/citation.cfm?id=1064000},
  year		= {2005}
}

@Misc{		  ibm-restful,
  author	= {IBM},
  title		= "RESTful Web services: The basics",
  howpublished	= {\url{www.ibm.com/developerworks/webservices/library/ws-restful}}
}

@Article{	  ibrahim2010,
  address	= {Berlin, Heidelberg},
  author	= {Ibrahim, Tarik and Furnell, Steven M. and Papadaki, Marira
		  and Clark, Nathan L.},
  doi		= {10.1007/978-3-642-15152-1},
  editor	= {Katsikas, Sokratis and Lopez, Javier and Soriano, Miguel},
  isbn		= {978-3-642-15151-4},
  journal	= {Trust, Privacy and Security in Digital Business},
  pages		= {177--189},
  publisher	= {Springer Berlin Heidelberg},
  series	= {Lecture Notes in Computer Science},
  title		= {{Assessing the Usability of End-User Security Software}},
  url		= {link.springer.com/chapter/10.1007/978-3-642-15152-1\_16},
  volume	= {6264},
  year		= {2010}
}

@Article{	  intercept-cookencryption,
  author	= {McLaughlin, Jenna},
  journal	= {{The Intercept}},
  title		= {{Apple’s Tim Cook Lashes Out at White House Officials
		  for Being Wishy-Washy on Encryption}},
  url		= {https://theintercept.com/2016/01/12/apples-tim-cook-lashes-out-at-white-house-officials-for-being-wishy-washy-on-encryption/},
  year		= {2016},
  month		= {Jan},
  day		= {12}
}

@InProceedings{	  jensen2000,
  address	= {New York, New York, USA},
  author	= {Jensen, Christian D.},
  booktitle	= {Proceedings of the 9th ACM SIGOPS European Workshop},
  doi		= {10.1145/566726.566744},
  isbn		= {1234567890},
  pages		= {73},
  publisher	= {ACM Press},
  title		= {{CryptoCache: a secure sharable file cache for roaming
		  users}},
  url		= {dl.acm.org/citation.cfm?id=566726.566744},
  year		= {2000}
}

@PhDThesis{	  johnson2012,
  author	= {Johnson, Maritza L},
  school	= {Columbia University},
  title		= {{Toward Usable Access Control for End-users: A Case Study
		  of Facebook Privacy Settings}},
  year		= {2012}
}

@Misc{		  json,
  author	= {Crockford, Douglas},
  title		= "Introducing JSON",
  howpublished	= {\url{www.json.org}}
}

@Misc{		  json-c,
  author	= {Haszlakiewicz, Eric},
  title		= "json-c",
  howpublished	= {\url{github.com/json-c/json-c/wiki}}
}

@Misc{		  jumpcloud,
  author	= {{JumpCloud}},
  title		= {JumpCloud: Identity Management Reimagined},
  howpublished	= {\url{jumpcloud.com}}
}

@InProceedings{	  kallahalla2003,
  author	= {Kallahalla, Mahesh and Riedel, Erik and Swaminathan, Ram
		  and Wang, Qian and Fu, Kevin},
  booktitle	= {Proceedings of the 2nd USENIX Conference on File and
		  Storage Technologies},
  pages		= {29--42},
  title		= {{Plutus: Scalable secure file sharing on untrusted
		  storage}},
  url		= {www.usenix.org/legacyurl/plutus-scalable-secure-file-sharing-untrusted-storage},
  year		= {2003}
}

@TechReport{	  kamara2011,
  author	= {Kamara, Seny and Papamanthou, C and Roeder, Tom},
  institution	= {Microsoft Research},
  pages		= {1--25},
  title		= {{Cs2: A searchable cryptographic cloud storage system}},
  url		= {research.microsoft.com/pubs/148632/cs2.pdf},
  year		= {2011}
}

@TechReport{	  kelly2007,
  author	= {Kelly, S. and Frankel, S.},
  pages		= {1--21},
  title		= {{RFC 4868: Using HMAC-SHA-256, HMAC-SHA-384, and
		  HMAC-SHA-512 with IPsec}},
  url		= {www.ietf.org/rfc/rfc4868.txt},
  year		= {2007},
  month		= {May}
}

@Article{	  kerravala2002,
  title		= {Configuration management delivers business resiliency},
  author	= {Kerravala, Zeus},
  journal	= {The Yankee Group},
  year		= {2002}
}

@Misc{		  keybase,
  author	= {{Keybase}},
  title		= {KeyBase: Get a public key, safely, starting just with
		  someone's social media username(s)},
  howpublished	= {\url{keybase.io}}
}

@Misc{		  keywhiz,
  author	= {{Square}},
  title		= {Keywhiz: A system for managing and distributing secrets},
  howpublished	= {\url{https://square.github.io/keywhiz/}}
}

@InProceedings{	  kher2005,
  address	= {New York, New York, USA},
  author	= {Kher, Vishal and Kim, Yongdae},
  booktitle	= {Proceedings of the 2005 ACM workshop on Storage security
		  and survivability},
  doi		= {10.1145/1103780.1103783},
  isbn		= {159593233X},
  pages		= {9},
  publisher	= {ACM Press},
  title		= {{Securing distributed storage: challenges, techniques, and
		  systems}},
  url		= {dl.acm.org/citation.cfm?id=1103783},
  year		= {2005}
}

@TechReport{	  koch2011,
  author	= {Koch, Werner and Brinkmann, Marcus},
  booktitle	= {kerckhoffs.g10code.com},
  pages		= {1--6},
  title		= {{STEED - Usable End-to-End Encryption}},
  url		= {kerckhoffs.g10code.com/www.g10code.de/docs/steed-usable-e2ee.pdf},
  year		= {2011}
}

@InProceedings{	  kohl1994,
  author	= {Kohl, John T. and Neuman, B. Clifford and Ts'o, Theodore
		  Y.},
  booktitle	= {European Conference Proceedings},
  title		= {{The evolution of the Kerberos authentication service}},
  url		= {citeseerx.ist.psu.edu/viewdoc/download?doi=10.1.1.120.944\&rep=rep1\&type=pdf},
  year		= {1991}
}

@InCollection{	  krawczyk1993,
  address	= {Berlin, Heidelberg},
  author	= {Krawczyk, Hugo},
  booktitle	= {Advances in Cryptology-CRYPTO'93},
  doi		= {10.1007/3-540-48329-2},
  editor	= {Stinson, Douglas R.},
  isbn		= {978-3-540-57766-9},
  month		= jul,
  pages		= {136--146},
  publisher	= {Springer Berlin Heidelberg},
  series	= {Lecture Notes in Computer Science},
  title		= {{Secret Sharing Made Short}},
  url		= {link.springer.com/chapter/10.1007/3-540-48329-2\_12},
  volume	= {773},
  year		= {1994}
}

@TechReport{	  krawczyk1997,
  author	= {Krawczyk, H. and Bellare, M. and Canetti, R.},
  pages		= {1--11},
  title		= {{RFC 2104: HMAC - Keyed-Hashing for Message
		  Authentication}},
  url		= {www.ietf.org/rfc/rfc2104.txt},
  year		= {1997},
  month		= {Feb}
}

@Article{	  krebs-anthem,
  author	= {Krebs, Brian},
  journal	= {Krebs on Security},
  title		= {Data Breach at Health Insurer Anthem Could Impact
		  Millions},
  url		= {krebsonsecurity.com/2015/02/data-breach-at-health-insurer-anthem-could-impact-millions/},
  month		= {Feb},
  year		= {2015}
}

@Article{	  krebs-passwords,
  author	= {Krebs, Brian},
  journal	= {Krebs on Security},
  title		= {Safeguarding Your Passwords},
  url		= {voices.washingtonpost.com/securityfix/2008/01/safeguarding_your_passwords_1.html},
  year		= {2008}
}

@Article{	  krebs-premera,
  author	= {Krebs, Brian},
  journal	= {Krebs on Security},
  title		= {Premera Blue Cross Breach Exposes Financial, Medical
		  Records},
  url		= {krebsonsecurity.com/2015/03/premera-blue-cross-breach-exposes-financial-medical-records/},
  month		= {Mar},
  year		= {2015}
}

@Article{	  kubiatowicz2000,
  author	= {Kubiatowicz, John and Bindel, David and Chen, Yan and
		  Czerwinski, Steven and Eaton, Patrick and Geels, Dennis and
		  Gummadi, Ramakrishna and Rhea, Sean and Weatherspoon, Hakim
		  and Weimer, Westley and Wells, Chris and Zhao, Ben},
  journal	= {ACM SIGPLAN Notices},
  number	= {11},
  pages		= {190--201},
  title		= {{Oceanstore: An architecture for global-scale persistent
		  storage}},
  url		= {dl.acm.org/citation.cfm?id=356989.357007},
  volume	= {35},
  year		= {2000}
}

@Misc{		  lastpass,
  author	= {LastPass},
  title		= "LastPass",
  howpublished	= {\url{lastpass.com}}
}

@TechReport{	  laurie2013,
  author	= {Laurie, B. and Langley, A. and Kasper, E.},
  pages		= {1--27},
  title		= {{RFC 6962: Certificate Transparency}},
  url		= {https://tools.ietf.org/html/rfc6962},
  year		= {2013}
}

@Misc{		  lavabit,
  author	= {Levison, Ladar},
  title		= "Lavabit",
  howpublished	= {\url{lavabit.com}}
}

@TechReport{	  leach2005,
  author	= {Leach, P. and Mealling, M. and Salz, R.},
  pages		= {1--32},
  title		= {{RFC 4122: A universally Unique IDentifier (UUID) URN
		  Namespace}},
  url		= {www.ietf.org/rfc/rfc4122.txt},
  year		= {2005}
}

@Article{	  leandro2012,
  author	= {Leandro, Marcos A. P. MAP and Nascimento, Tiago J. and dos
		  Santos, Daniel R. and Westphall, Carlos B. Carla M.},
  isbn		= {9781612081830},
  journal	= {ICN 2012, The Eleventh International Conference on
		  Networks},
  pages		= {88--93},
  title		= {{Multi-tenancy authorization system with federated
		  identity for cloud-based environments using shibboleth}},
  url		= {http://www.thinkmind.org/index.php?view=article{\&}articleid=icn{\_}2012{\_}5{\_}10{\_}10065},
  year		= {2012}
}

@Misc{		  leastauthority-s4,
  author	= {{Least Authority}},
  title		= {Simple Secure Storage Service (S4)},
  howpublished	= {\url{leastauthority.com}}
}

@Article{	  levsion-lavabit,
  author	= {Levison, Ladar},
  journal	= {{The Guardian}},
  title		= {Secrets, lies and Snowden's email: why I was forced to
		  shut down Lavabit},
  url		= {www.theguardian.com/commentisfree/2014/may/20/why-did-lavabit-shut-down-snowden-email},
  month		= {May},
  year		= {2014}
}

@InProceedings{	  li2013,
  author	= {Li, Yan and Dhotre, Nakul Sanjay and Ohara, Yasuhiro and
		  Kroeger, Thomas M. and Miller, Ethan L. and Long, Darrell
		  D. E.},
  booktitle	= {Proceedings of the 11th Conference on File and Storage
		  Systems},
  title		= {{Horus: Fine-Grained Encryption-Based Security for
		  Large-Scale Storage}},
  url		= {www.usenix.org/system/files/conference/fast13/fast13-final142.pdf},
  year		= {2013}
}

@Misc{		  linux-pam,
  author	= {Linux-PAM Team, The},
  title		= "Linux PAM",
  howpublished	= {\url{www.linux-pam.org}}
}

@Misc{		  linux-vfs,
  author	= {Johnson, Michael K.},
  title		= "A tour of the Linux VFS",
  year		= {1996},
  howpublished	= {\url{www.tldp.org/LDP/khg/HyperNews/get/fs/vfstour.html}}
}

@InProceedings{	  litwin2011,
  address	= {New York, New York, USA},
  author	= {Litwin, Witold and Jajodia, Sushil and Schwarz, Thomas},
  booktitle	= {Proceedings of the 10th annual ACM workshop on Privacy in
		  the electronic society},
  doi		= {10.1145/2046556.2046580},
  isbn		= {9781450310024},
  pages		= {171},
  publisher	= {ACM Press},
  title		= {{Privacy of data outsourced to a cloud for selected
		  readers through client-side encryption}},
  url		= {dl.acm.org/citation.cfm?doid=2046556.2046580},
  year		= {2011}
}

@Misc{		  logrythm,
  author	= {{LogRhythm Inc}},
  title		= "LogRhythm: SIEM 2.0, Log and Event Management, Log
		  Analysis",
  howpublished	= {\url{www.logrhythm.com}}
}

@Misc{		  lomas2014,
  author	= {Lomas, Natasha},
  title		= {{Facebook Data Privacy Class Action Joined By 11,000 And
		  Counting}},
  year		= {2014},
  month		= {Aug},
  note		= {{TechCrunch}},
  howpublished	= {\url{techcrunch.com/2014/08/04/europe-vs-facebook-class-action}}
}

@Misc{		  lorier-pkcs11,
  author	= {Lorier, Perry},
  title		= "Heartbleed and Private Key Availability",
  year		= {2014},
  howpublished	= {\url{plus.google.com/106751305389299207737/posts/WM4i4Rqxs5n}}
}

@Misc{		  luks,
  author	= {Fruhwirth, Clemens},
  title		= "LUKS",
  howpublished	= {\url{code.google.com/p/cryptsetup}}
}

@Article{	  mackenzie2003,
  author	= {MacKenzie, Philip and Reiter, Michael K.},
  doi		= {10.1007/s00446-003-0098-4},
  isbn		= {1581133855},
  issn		= {0178-2770},
  journal	= {Distributed Computing},
  month		= dec,
  number	= {4},
  pages		= {307--327},
  title		= {{Delegation of cryptographic servers for capture-resilient
		  devices}},
  url		= {link.springer.com/article/10.1007/s00446-003-0098-4},
  volume	= {16},
  year		= {2003}
}

@Article{	  mahajan2011,
  author	= {Mahajan, Prince and Setty, Srinath and Lee, Sangmin and
		  Clement, Allen and Alvisi, Lorenzo and Dahlin, Mike and
		  Walfish, Michael},
  doi		= {10.1145/2063509.2063512},
  issn		= {07342071},
  journal	= {ACM Transactions on Computer Systems},
  month		= dec,
  number	= {4},
  pages		= {1--38},
  title		= {{Depot: Cloud Storage with Minimal Trust}},
  url		= {dl.acm.org/citation.cfm?id=2063512},
  volume	= {29},
  year		= {2011}
}

@Misc{		  mailpile,
  author	= {Einarsson, Bjarni and McCarth, Smair and Novak, Brennan},
  title		= "Mailpile: Let's Take Email Back",
  howpublished	= {\url{www.mailpile.is}}
}

@TechReport{	  matsui2004,
  author	= {Matsui, A. and Nakajima, J. and Moriai, S.},
  pages		= {1--16},
  title		= {{RFC 3713: A Description of the Camellia Encryption
		  Algorithm}},
  url		= {tools.ietf.org/pdf/rfc3713.pdf},
  year		= {2004}
}

@Article{	  mazieres1999,
  author	= {Mazi\`{e}res, David and Kaminsky, Michael and Kaashoek, M.
		  Frans and Witchel, Emmett},
  doi		= {10.1145/319344.319160},
  isbn		= {1581131402},
  issn		= {01635980},
  journal	= {ACM SIGOPS Operating Systems Review},
  month		= dec,
  number	= {5},
  pages		= {124--139},
  title		= {{Separating key management from file system security}},
  url		= {dl.acm.org/citation.cfm?id=319160},
  volume	= {33},
  year		= {1999}
}

@TechReport{	  mazurek2013,
  author	= {Mazurek, Michelle L. and Komanduri, Saranga and Vidas,
		  Timothy and Bauer, Lujo and Christin, Nicolas and Cranor,
		  Lorrie Faith and Kelley, Patrick Gage and Shay, Richard and
		  Ur, Blase},
  title		= {{Measuring Password Guessability for an Entire
		  University}},
  year		= {2013}
}

@InProceedings{	  mcgrew2005,
  author	= {McGrew, David},
  booktitle	= {Security in Storage Workshop},
  publisher	= {IEEE},
  title		= {{Efficient authentication of large , dynamic data sets
		  using Galois/Counter Mode (GCM)}},
  year		= {2005}
}

@InCollection{	  menezes1996,
  author	= {Menezes, A. and van Oorschot, P. and Vanstone, S.},
  booktitle	= {Handbook of Applied Cryptography},
  pages		= {1--48},
  title		= {{Overview of Cryptography}},
  year		= {1996}
}

@Misc{		  microsoft-officeonline,
  author	= {{Microsoft}},
  title		= {{Office Online}},
  howpublished	= {\url{office.live.com}}
}

@Misc{		  microsoft-onedrive,
  author	= {{Microsoft}},
  title		= {{OneDrive}},
  howpublished	= {\url{onedrive.live.com}}
}

@Misc{		  microsoft-onedrive-online,
  author	= {{Microsoft}},
  title		= {{Online-only files and files avaible offline}},
  year		= {2015},
  howpublished	= {\url{windows.microsoft.com/en-us/windows-8/onedrive-online-available-offline}}
}

@TechReport{	  microsoft-smb2,
  author	= {{Microsoft}},
  title		= {{Server Message Block (SMB) Protocol Versions 2 and 3}},
  number	= {MS-SMB2-46.0},
  pages		= {1--439},
  url		= {msdn.microsoft.com/en-us/library/cc246482.aspx},
  year		= {2014}
}

@Article{	  miltchev2008,
  author	= {Miltchev, Stefan and Smith, Jonathan M. and Prevelakis,
		  Vassilis and Keromytis, Angelos and Ioannidis, Sotiris},
  doi		= {10.1145/1380584.1380588},
  issn		= {03600300},
  journal	= {ACM Computing Surveys},
  month		= aug,
  number	= {3},
  pages		= {1--30},
  title		= {{Decentralized access control in distributed file
		  systems}},
  url		= {http://portal.acm.org/citation.cfm?doid=1380584.1380588},
  volume	= {40},
  year		= {2008}
}

@Misc{		  mint,
  author	= {{Intuit}},
  title		= {Mint: Money Manager, Bill Pay, Credit Score, Budgeting and
		  Investing},
  howpublished	= {\url{www.mint.com}}
}

@TechReport{	  mitmedialab2012,
  author	= {{MIT Media Lab}},
  institution	= {Human Dynamics, MIT Media Lab},
  title		= {{OpenPDS Software}},
  url		= {idcubed.org/open-platform/openpds-project},
  year		= {2012}
}

@Misc{		  mongodb,
  author	= {MongoDB Inc.},
  title		= "mongoDB",
  howpublished	= {\url{www.mongodb.org}}
}

@TechReport{	  nakamoto2008,
  author	= {Nakamoto, Satoshi},
  pages		= {1--9},
  title		= {{Bitcoin: A peer-to-peer electronic cash system}},
  url		= {www.vsewiki.cz/images/archive/8/89/20110124151146!Bitcoin.pdf},
  year		= {2008}
}

@Book{		  nelson1972computer,
  title		= {Computer Lib / Dream machines},
  author	= {Nelson, Ted},
  year		= {1974},
  publisher	= {Self published}
}

@Article{	  neuman1994,
  author	= {Neuman, B. Clifford and Ts'o, Theodore},
  title		= {Kerberos: An Authentication Service for Computer
		  Networks},
  journal	= {IEEE Communications Magazine},
  volume	= {32},
  number	= {9},
  year		= {1994},
  pages		= {33--38}
}

@Misc{		  neurio,
  author	= {{Neurio}},
  title		= {{Neurio Home Intelligence}},
  howpublished	= {\url{www.neur.io}}
}

@Article{	  nist2001,
  author	= {{National Institute of Standards \& Technology}},
  journal	= {Federal Information Processing Standards Publication},
  title		= {{Announcing the Advanced Encryption Standard (AES)}},
  url		= {scholar.google.com/scholar?hl=en\&btnG=Search\&q=intitle:Announcing+the+ADVANCED+ENCRYPTION+STANDARD+(+AES+)\#0},
  year		= {2001}
}

@Book{		  norman2002design,
  title		= {The design of everyday things},
  author	= {Norman, Donald A},
  year		= {2002},
  publisher	= {Basic books}
}

@Misc{		  oauth,
  author	= {OAuth Team, The},
  title		= "OAuth",
  howpublished	= {\url{oauth.net}}
}

@Misc{		  onepassword,
  author	= {AgileBits},
  title		= "1Password",
  howpublished	= {\url{agilebits.com/onepassword}}
}

@Misc{		  opencompute,
  author	= {{The Open Compute Project Team}},
  title		= {The Open Compute Project},
  howpublished	= {\url{http://www.opencompute.org/}}
}

@Misc{		  openid,
  author	= {OpenID Foundation, The},
  title		= "OpenID",
  howpublished	= {\url{openid.net}}
}

@Misc{		  openpam,
  author	= {Dag-Erling Smorgrav},
  title		= "OpenPAM",
  howpublished	= {\url{www.openpam.org}}
}

@Misc{		  openpgp,
  author	= {OpenPGP Alliance, The},
  title		= "OpenPGP",
  howpublished	= {\url{www.openpgp.org}}
}

@Misc{		  openssh,
  author	= {OpenBSD Team, The},
  title		= "OpenSSH",
  howpublished	= {\url{www.openssh.com}}
}

@Misc{		  openssl,
  author	= {OpenSSL},
  title		= "OpenSSL",
  howpublished	= {\url{www.openssl.org}}
}

@Misc{		  openstack,
  author	= {{OpenStack Project Team}},
  title		= "Openstack",
  howpublished	= {\url{https://www.openstack.org}}
}

@Misc{		  openstack-barbican,
  author	= {{OpenStack Project Team}},
  title		= "Barbican",
  howpublished	= {\url{https://wiki.openstack.org/wiki/Barbican}}
}

@Misc{		  openwhisper,
  author	= {{Open Whisper Systems}},
  title		= "Security, simplified: Open Source securty for mobile
		  devices.",
  howpublished	= {\url{whispersystems.org}}
}

@TechReport{	  otr-v3,
  author	= {{OTR Development Team}},
  title		= {Off-the-Record Messaging Protocol version 3},
  url		= {otr.cypherpunks.ca/Protocol-v3-4.0.0.html}
}

@Misc{		  owncloud,
  author	= {{OwnCloud}},
  title		= "OwnCloud Server",
  howpublished	= {\url{owncloud.org}}
}

@Misc{		  pagliery2014,
  author	= {Pagliery, Jose},
  title		= {{Uber removes racy blog posts on prostitution, one-night
		  stands}},
  year		= {2014},
  month		= {Nov},
  note		= {{CNN Money}},
  howpublished	= {\url{money.cnn.com/2014/11/25/technology/uber-prostitutes/}}
}

@InProceedings{	  patterson1988,
  author	= {Patterson, David A. and Gibson, Garth and Katz, Randy H.},
  booktitle	= {Proceedings of the 1988 ACM SIGMOD Conference on
		  Management of Data},
  publisher	= {ACM},
  title		= {{A Case for Redundant Arrays of Inexpensive Disks
		  (RAID)}},
  url		= {http://dl.acm.org/citation.cfm?id=50214},
  year		= {1988}
}

@Misc{		  pcidss,
  author	= {{PCI Securty Standard Council}},
  title		= {PCI SSC Data Security Standards Overview},
  howpublished	= {\url{www.pcisecuritystandards.org/security_standards/index.php}}
}

@Misc{		  pcks11-standard,
  author	= {EMC2},
  title		= "PKCS \#11: Cryptogrphic Token Interface Standard",
  howpublished	= {\url{www.emc.com}}
}

@Article{	  peacock2004,
  author	= {Peacock, Alen and Ke, Xian and Wilkerson, Matthew},
  doi		= {10.1109/MSP.2004.89},
  issn		= {1540-7993},
  journal	= {IEEE Security \& Privacy Magazine},
  month		= sep,
  number	= {5},
  pages		= {40--47},
  title		= {{Typing patterns: a key to user identification}},
  url		= {ieeexplore.ieee.org/lpdocs/epic03/wrapper.htm?arnumber=1341408},
  volume	= {2},
  year		= {2004}
}

@TechReport{	  pep3333,
  author	= {Eby, P.J.},
  institution	= {Python Software Foundation},
  title		= {{PEP 3333 -- Python Web Server Gateway Interface v1.0.1}},
  url		= {https://www.python.org/dev/peps/pep-3333/},
  year		= {2010}
}

@Misc{		  persona,
  author	= {Mozilla},
  title		= "Persona",
  howpublished	= {\url{developer.mozilla.org/en-US/Persona}}
}

@Misc{		  pew-privsec14,
  author	= {{Pew Research Center}},
  title		= {Public Perceptions of Privacy and Security in a
		  Post-Snowden Era},
  month		= {November},
  year		= {2014},
  howpublished	= {\url{www.pewinternet.org/2014/11/12/public-privacy-perceptions}}
}

@Misc{		  pgp,
  author	= {Symantic},
  title		= "PGP",
  howpublished	= {\url{www.symantec.com/encryption}}
}

@InProceedings{	  popa2011,
  address	= {New York, New York, USA},
  author	= {Popa, Raluca Ada and Redfield, Catherine M. S. and
		  Zeldovich, Nickolai and Balakrishnan, Hari},
  booktitle	= {Proceedings of the Twenty-Third ACM Symposium on Operating
		  Systems Principles - SOSP '11},
  doi		= {10.1145/2043556.2043566},
  isbn		= {9781450309776},
  pages		= {85},
  publisher	= {ACM Press},
  title		= {{CryptDB: Protecting Confidentiality with Encrypted Query
		  Processing}},
  url		= {dl.acm.org/citation.cfm?id=2043566},
  year		= {2011}
}

@Misc{		  popcorntime,
  author	= {{Unknown}},
  title		= {Popcorn Time: Watch Movies and TV Shows Instantly},
  howpublished	= {\url{popcorntime.io}}
}

@Misc{		  porticor,
  author	= {Porticor},
  title		= "Porticor Cloud Security",
  howpublished	= {\url{www.porticor.com/technology/}}
}

@Misc{		  puppet,
  author	= {{Puppet Labs}},
  title		= {{Puppet}},
  howpublished	= {\url{https://puppetlabs.com}}
}

@Misc{		  pyjwt,
  author	= {Padilla, José and Lindsay, Jeff},
  title		= {{pyJWT: A Python implementation of RFC 7519}},
  howpublished	= {\url{https://github.com/jpadilla/pyjwt}}
}

@Misc{		  python-cryptography,
  author	= {{Cryptography Contributors}},
  title		= {Cryptography: A python crypto library},
  howpublished	= {\url{https://cryptography.io/}}
}

@Misc{		  python-flask,
  author	= {Ronacher, Armin},
  title		= "Flask: web development one drop at a time",
  howpublished	= {\url{http://flask.pocoo.org/}}
}

@Misc{		  python-requests,
  author	= {Reitz, Kenneth},
  title		= "Requests: HTTP for Humans",
  howpublished	= {\url{www.python-requests.org}}
}

@Misc{		  python-shelve,
  author	= {Python Software Foundation},
  title		= "shelve - python object persistence",
  howpublished	= {\url{docs.python.org/2/library/shelve.html}}
}

@Misc{		  rackspace-compute,
  author	= {{RackSpace}},
  title		= "RackSpace Cloud Servers",
  howpublished	= {\url{www.rackspace.com/cloud/servers}}
}

@TechReport{	  ramsdell-rfc5751,
  author	= {Ramsdell, B. and Turner, S.},
  pages		= {1--45},
  title		= {{RFC 5751: Secure/Multipurpose Internet Mail Extensions
		  (S/MIME) Version 3.2 Message Specification}},
  url		= {www.ietf.org/rfc/rfc5751.txt},
  year		= {2010}
}

@Misc{		  rc4-source,
  author	= {{nobody@jpunix.com}},
  title		= "Thank You Bob Anderson: RC4 Source Code",
  howpublished	= {\url{http://cypherpunks.venona.com/archive/1994/09/msg00304.html}}
}

@Misc{		  redis,
  author	= {{The Redis Team}},
  title		= "Redis: REmote DIctionary Server",
  howpublished	= {\url{redis.io/}}
}

@InProceedings{	  resch2011,
  author	= {Resch, Jason K. and Plank, James S.},
  booktitle	= {9th USENIX Conference on File and Storage Technologies},
  title		= {{AONT-RS: Blending Security and Performance in Dispersed
		  Storage Systems}},
  year		= {2011}
}

@Misc{		  rest-bestpractices,
  author	= {Sahni, Vinay},
  title		= "Best Practices for Designing a Pragmatic RESTful API",
  howpublished	= {\url{www.vinaysahni.com/best-practices-for-a-pragmatic-restful-api}}
}

@TechReport{	  rfc5280,
  author	= {Cooper, D. and Santesson, S. and Farrell, S. and Boeyen,
		  S. and Housley, R. and Polk, W.},
  pages		= {1--150},
  title		= {{RFC 5280: Internet X.509 Public Key Infrastructure
		  Certificate and Certificate Revocation List (CRL)
		  Profile}},
  url		= {https://tools.ietf.org/html/rfc5280},
  year		= {2008},
  month		= {May}
}

@TechReport{	  rfc7515,
  author	= {Jones, M. and Bradles, J. and Sakimura, N.},
  pages		= {1--59},
  title		= {{RFC 7515: JSON Web Signature (JWS)}},
  url		= {https://tools.ietf.org/html/rfc7515},
  year		= {2015},
  month		= {May}
}

@TechReport{	  rfc7519,
  author	= {Jones, M. and Bradles, J. and Sakimura, N.},
  pages		= {1--29},
  title		= {{RFC 7519: JSON Web Token (JWT)}},
  url		= {https://tools.ietf.org/html/rfc7519},
  year		= {2015},
  month		= {May}
}

@Article{	  rivest1978,
  author	= {Rivest, R. L. and Shamir, A. and Adleman, L.},
  doi		= {10.1145/359340.359342},
  journal	= {Communications of the ACM},
  number	= {2},
  pages		= {120--126},
  title		= {{A method for obtaining digital signatures and public-key
		  cryptosystems}},
  url		= {dl.acm.org/citation.cfm?id=359342},
  volume	= {21},
  year		= {1978}
}

@TechReport{	  rosen2012,
  author	= {Rosen, Alon},
  institution	= {Porticor},
  pages		= {1--9},
  title		= {{Analysis of The Porticor Homomorphic Key Management
		  Protocol}},
  year		= {2012}
}

@Article{	  rowstron2001,
  author	= {Rowstron, Antony and Druschel, Peter},
  doi		= {10.1145/502059.502053},
  issn		= {01635980},
  journal	= {ACM SIGOPS Operating Systems Review},
  month		= dec,
  number	= {5},
  pages		= {188},
  publisher	= {ACM},
  title		= {{Storage management and caching in PAST, a large-scale,
		  persistent peer-to-peer storage utility}},
  url		= {dl.acm.org/citation.cfm?id=502053},
  volume	= {35},
  year		= {2001}
}

@Misc{		  rsf-china,
  author	= {{Reporter WIthout Borders}},
  title		= {The Internet in China},
  howpublished	= {\url{http://surveillance.rsf.org/en/china/}},
  year		= {2012}
}

@Misc{		  salt,
  author	= {Saltstack},
  title		= "Salt",
  howpublished	= {\url{www.saltstack.com}}
}

@Article{	  saltzer1974,
  author	= {Saltzer, Jerome H.},
  doi		= {10.1145/361011.361067},
  issn		= {00010782},
  journal	= {Communications of the ACM},
  month		= jul,
  number	= {7},
  pages		= {388--402},
  title		= {{Protection and the control of information sharing in
		  multics}},
  url		= {dl.acm.org/citation.cfm?id=361067
		  portal.acm.org/citation.cfm?doid=361011.361067},
  volume	= {17},
  year		= {1974}
}

@Article{	  saltzer1975,
  author	= {Saltzer, JH and Schroeder, MD},
  doi		= {10.1109/PROC.1975.9939},
  issn		= {0018-9219},
  journal	= {Proceedings of the IEEE},
  number	= {9},
  pages		= {1278--1308},
  title		= {{The protection of information in computer systems}},
  url		= {http://ieeexplore.ieee.org/xpls/abs\_all.jsp?arnumber=1451869
		  http://ieeexplore.ieee.org/lpdocs/epic03/wrapper.htm?arnumber=1451869},
  volume	= {63},
  year		= {1975}
}

@InProceedings{	  samanthula2012,
  address	= {New York, New York, USA},
  author	= {Samanthula, Bharath K. and Howser, Gerry and Elmehdwi,
		  Yousef and Madria, Sanjay},
  booktitle	= {Proceedings of the 1st International Workshop on Cloud
		  Intelligence - Cloud-I '12},
  doi		= {10.1145/2347673.2347681},
  isbn		= {9781450315968},
  pages		= {1--8},
  publisher	= {ACM Press},
  title		= {{An efficient and secure data sharing framework using
		  homomorphic encryption in the cloud}},
  url		= {dl.acm.org/citation.cfm?doid=2347673.2347681},
  year		= {2012}
}

@InProceedings{	  samar1996,
  address	= {New York, New York, USA},
  author	= {Samar, Vipin},
  booktitle	= {Proceedings of the 3rd ACM Conference on Computer and
		  Communications Security},
  doi		= {10.1145/238168.238177},
  isbn		= {0897918290},
  pages		= {1--10},
  publisher	= {ACM Press},
  title		= {{Unified login with pluggable authentication modules
		  (PAM)}},
  url		= {dl.acm.org/citation.cfm?id=238177
		  portal.acm.org/citation.cfm?doid=238168.238177},
  year		= {1996}
}

@Misc{		  saml,
  author	= {OASIS},
  title		= "SAML",
  howpublished	= {\url{www.oasis-open.org/committees/tc_home.php?wg_abbrev=security}}
}

@InProceedings{	  sandberg1985,
  address	= {Portland, OR},
  author	= {Sandberg, Russel and Goldberg, David and Kleiman, Steve
		  and Walsh, Dan and Lyon, Bob},
  booktitle	= {Proceedings of the Summer 1985 USENIX Conference},
  pages		= {119--130},
  title		= {{Design and Implementation of the Sun Network
		  Filesystem}},
  url		= {ece.ut.ac.ir/Classpages/S90/ECE404/nfs.pdf},
  year		= {1985}
}

@Article{	  sandhu1996,
  author	= {Sandhu, Ravi S. and Coynek, Edward J. and Feinstein, Hal
		  L. and Youman, Charles E.},
  journal	= {IEEE Computer},
  number	= {2},
  pages		= {38--47},
  title		= {{Role-Based Access Control Models}},
  url		= {http://modelibra.googlecode.com/svn/trunk/Modelibra/doc/security/sandhu96.pdf},
  volume	= {29},
  year		= {1996}
}

@Misc{		  sasl,
  author	= {Carnegie Mellon},
  title		= "SASL",
  howpublished	= {\url{asg.web.cmu.edu/sasl}}
}

@Misc{		  sayler-os-encfs,
  author	= {Sayler, Andy and Ahn, Junho and Han, Richard},
  title		= "OS Programming Assignment: An Encrypted Filesystem",
  howpublished	= {\url{github.com/asayler/CU-CS3753-PA5}}
}

@Book{		  schlosser2013,
  title		= {Command and Control: Nuclear Weapons, the Damascus
		  Accident, and the Issusion of Safety},
  author	= {Schlosser, Eric},
  year		= {2013},
  publisher	= {The Penguin Press},
  address	= {New York},
  isbn		= {978-1-59420-227-8}
}

@Article{	  schneier-metadata,
  author	= {Schneier, Bruce},
  journal	= {Wired},
  title		= {NSA Doesn’t Need to Spy on Your Calls to Learn Your
		  Secrets},
  url		= {www.wired.com/2015/03/data-and-goliath-nsa-metadata-spying-your-secrets/},
  year		= {2015},
  month		= {March}
}

@Article{	  schneier-passwords,
  author	= {Schneier, Bruce},
  journal	= {Schneier on Security},
  title		= {Password Advice},
  url		= {www.schneier.com/blog/archives/2009/08/password_advice.html},
  year		= {2009}
}

@Book{		  schneier1996applied,
  title		= {Applied Cryptography},
  author	= {Schneier, Bruce},
  year		= {1996},
  publisher	= {John Wiley \& Sons}
}

@TechReport{	  schneier1998,
  author	= {Schneier, Bruce and Kelsey, John and Whiting, Doug and
		  Wagner, David and Hall, Chris},
  title		= {{Twofish: A 128-bit block cipher}},
  url		= {www.thehackademy.net/madchat/crypto/hash-lib-algo/twofish/twofish.pdf},
  year		= {1998}
}

@Book{		  schneier2000secrets,
  title		= {Secrets and Lies},
  author	= {Schneier, Bruce},
  year		= {2000},
  publisher	= {John Wiley \& Sons}
}

@Misc{		  scotus-smithvmaryland,
  author	= {{Supreme Court of United States}},
  title		= {Smith v. Maryland},
  month		= {June},
  year		= {1979},
  howpublished	= {\url{scholar.google.com/scholar_case?case=3033726127475530815}}
}

@Misc{		  scotus-usvmiller,
  author	= {{Supreme Court of United States}},
  title		= {United States v. Miller},
  month		= {April},
  year		= {1976},
  howpublished	= {\url{scholar.google.com/scholar_case?case=15052729295643479698}}
}

@Article{	  shamir1979,
  author	= {Shamir, Adi},
  doi		= {10.1145/359168.359176},
  issn		= {00010782},
  journal	= {Communications of the ACM},
  month		= nov,
  number	= {11},
  pages		= {612--613},
  title		= {{How to share a secret}},
  url		= {portal.acm.org/citation.cfm?doid=359168.359176},
  volume	= {22},
  year		= {1979}
}

@Misc{		  shibboleth,
  author	= {Shibboleth Consortium, The},
  title		= "Shibboleth",
  howpublished	= {\url{shibboleth.net}}
}

@InProceedings{	  shieh2011,
  address	= {New York, New York, USA},
  author	= {Shieh, Jyh-Ren and Lin, Ching-Yung and Wu, Ja-Ling},
  booktitle	= {Proceedings of the 20th ACM international conference on
		  Information and knowledge management - CIKM '11},
  doi		= {10.1145/2063576.2063708},
  isbn		= {9781450307178},
  pages		= {915},
  publisher	= {ACM Press},
  title		= {{Recommendation in the end-to-end encrypted domain}},
  url		= {dl.acm.org/citation.cfm?doid=2063576.2063708},
  year		= {2011}
}

@Misc{		  sims2014,
  author	= {Sims, Peter},
  title		= {{Can We Trust Uber?}},
  year		= {2014},
  month		= {Sep},
  note		= {{Medium}},
  howpublished	= {\url{medium.com/@petersimsie/can-we-trust-uber-c0e793deda36}}
}

@Article{	  singer2013,
  author	= {Singer, Abe and Anderson, Warren and Farrow, Rik},
  journal	= {;login},
  number	= {4},
  title		= {{Rethinking Password Policies (Uncut)}},
  url		= {www.usenix.org/sites/default/files/rethinking\_password\_policies\_unabridged.pdf},
  volume	= {38},
  year		= {2013}
}

@Misc{		  smith-stats,
  author	= {Craig Smith},
  title		= {{How Many People Use 800+ of teh Top Social Networks,
		  Apps, and Digital Services}},
  year		= {2005},
  month		= mar,
  howpublished	= {\url{expandedramblings.com/index.php/resource-how-many-people-use-the-top-social-media}}
}

@Article{	  smith2003,
  author	= {Smith, S. W.},
  doi		= {10.1109/MSECP.2003.1177003},
  issn		= {1540-7993},
  journal	= {Security \& Privacy, IEEE},
  month		= jan,
  number	= {1},
  pages		= {89--93},
  title		= {{Fairy dust, secrets, and the real world}},
  url		= {ieeexplore.ieee.org/lpdocs/epic03/wrapper.htm?arnumber=1177003},
  volume	= {1},
  year		= {2003}
}

@TechReport{	  song2006,
  author	= {Song, J.H. and Poovendran, R. and Lee, J. and Iwata, T.},
  pages		= {1--20},
  title		= {{RFC 4493: The AES-CMAC Algorithm}},
  url		= {www.ietf.org/rfc/rfc4493.txt},
  year		= {2006},
  month		= {June}
}

@InProceedings{	  spencer1999,
  author	= {Spencer, Ray and Smalley, Stephen and Loscocco, Peter and
		  Hibler, Mike and Andersen, David and Lepreau, Jay},
  booktitle	= {Proceedings of the 8th USENIX Security Symposium},
  title		= {{The Flask Security Architecture: System Support for
		  Diverse Security Policies}},
  year		= {1999}
}

@Misc{		  spideroak,
  author	= {{SpiderOak}},
  title		= {SpiderOak: Store. Sync. Share. Privately.},
  howpublished	= {\url{spideroak.com}}
}

@Misc{		  splunk,
  author	= {{Splunk Inc}},
  title		= "Splunk: Operational Intelligence, Log Management,
		  Application Management, Enterprise Security and Compliance",
  howpublished	= {\url{www.splunk.com}}
}

@Misc{		  src-tutamen-apiaccesscontrol,
  author	= {Sayler, Andy},
  title		= {{Tutamen Access Control API Source Code}},
  howpublished	= {\url{https://github.com/asayler/tutamen-api_accesscontrol}}
}

@Misc{		  src-tutamen-apistorage,
  author	= {Sayler, Andy},
  title		= {{Tutamen Storage API Source Code}},
  howpublished	= {\url{https://github.com/asayler/tutamen-api_storage}}
}

@Misc{		  src-tutamen-askpassword,
  author	= {Monaco, Matt},
  title		= {{Tutamen ask-password Source Code}},
  howpublished	= {\url{https://git.monaco.cx/matt/tutamen-ask-password}}
}

@Misc{		  src-tutamen-go,
  author	= {Monaco, Matt},
  title		= {{Tutamen golang Library Source Code}},
  howpublished	= {\url{https://git.monaco.cx/matt/go-tutamen}}
}

@Misc{		  src-tutamen-pytutamen,
  author	= {Sayler, Andy},
  title		= {{Tutamen pytutamen Client Source Code}},
  howpublished	= {\url{https://github.com/asayler/tutamen-pytutamen}}
}

@Misc{		  src-tutamen-pytutamenserver,
  author	= {Sayler, Andy},
  title		= {{Tutamen pytutamen Server Source Code}},
  howpublished	= {\url{https://github.com/asayler/tutamen-pytutamen_server}}
}

@InProceedings{	  studer2010,
  address	= {New York, New York, USA},
  author	= {Studer, Ahren and Perrig, Adrian},
  booktitle	= {Proceedings of the third ACM conference on Wireless
		  network security - WiSec '10},
  doi		= {10.1145/1741866.1741892},
  isbn		= {9781605589237},
  pages		= {151},
  publisher	= {ACM Press},
  title		= {{Mobile user location-specific encryption (MULE): Using
		  Your Office as Your Password}},
  url		= {portal.acm.org/citation.cfm?doid=1741866.1741892},
  year		= {2010}
}

@InProceedings{	  sweikata2009,
  address	= {New York, New York, USA},
  author	= {Sweikata, Michael and Watson, Gary and Frank, Charles and
		  Christensen, Chris and Hu, Yi},
  booktitle	= {2009 Information Security Curriculum Development
		  Conference},
  doi		= {10.1145/1940976.1940988},
  isbn		= {9781605586618},
  pages		= {55},
  publisher	= {ACM Press},
  title		= {{The usability of end user cryptographic products}},
  url		= {portal.acm.org/citation.cfm?doid=1940976.1940988},
  year		= {2009}
}

@Misc{		  symantec-shellshock,
  author	= {{Symantec Corperation}},
  title		= "ShellShock: All you need to know about the Bash Bug
		  vulnerability",
  howpublished	= {\url{http://www.symantec.com/connect/blogs/shellshock-all-you-need-know-about-bash-bug-vulnerability}}
}

@Article{	  symanteccorporation2014,
  author	= {{Symantec Corporation}},
  number	= {April},
  pages		= {97},
  title		= {{Internet Security Threat Report 2014}},
  url		= {http://www.symantec.com/content/en/us/enterprise/other\_resources/b-istr\_main\_report\_v19\_21291018.en-us.pdf},
  volume	= {19},
  year		= {2014}
}

@Misc{		  systemd-passwordagents,
  author	= {{Systemd Contributors}},
  title		= {{systemd Password Agents}},
  howpublished	= {\url{https://wiki.freedesktop.org/www/Software/systemd/PasswordAgents/}}
}

@InProceedings{	  tang2012,
  author	= {Tang, Yang and Ames, Phillip and Bhamidipati, Sravan and
		  Bijlani, Ashish and Geambasu, Roxana and Sarda, Nikhil},
  booktitle	= {Proceedings of the 10th USENIX conference on Operating
		  Systems Design and Implementation},
  pages		= {77--91},
  title		= {{CleanOS: Limiting Mobile Data Exposure with Idle
		  Eviction.}},
  url		= {www.usenix.org/system/files/conference/osdi12/osdi12-final-203.pdf},
  year		= {2012}
}

@TechReport{	  thompson-thirdparty,
  author	= {Thompson, II, Richard M},
  title		= {{The Fourth Amendment Third-Party Doctrine}},
  institution	= {Congressional Research Service},
  number	= {R43586},
  url		= {\url{fas.org/sgp/crs/misc/R43586.pdf}},
  year		= {2014}
}

@Misc{		  tresorit,
  author	= {{Tresorit}},
  title		= "Tresorit: The ultimate was to stay safe in the cloud",
  howpublished	= {\url{tresorit.com}}
}

@Article{	  tsipenyuk2005,
  author	= {Tsipenyuk, K. and Chess, B. and McGraw, G.},
  doi		= {10.1109/MSP.2005.159},
  issn		= {1540-7993},
  journal	= {Security \& Privacy, IEEE},
  month		= nov,
  number	= {6},
  pages		= {81--84},
  title		= {{Seven pernicious kingdoms: A taxonomy of software
		  security errors}},
  url		= {http://ieeexplore.ieee.org/lpdocs/epic03/wrapper.htm?arnumber=1556543
		  http://ieeexplore.ieee.org/xpls/abs\_all.jsp?arnumber=1556543},
  volume	= {3},
  year		= {2005}
}

@Misc{		  tsukayama2014,
  author	= {Tsukayama, Hayley},
  title		= {{Facebook draws fire from privacy advocates over ad
		  chnages}},
  year		= {2014},
  month		= {June},
  note		= {{Washington Post}},
  howpublished	= {\url{www.washingtonpost.com/blogs/the-switch/wp/2014/06/12/privacy-experts-say-facebook-changes-open-up-unprecedented-data-collection/}}
}

@Misc{		  twilio,
  author	= {{Twilio}},
  title		= {{Twilio: A Messaging, Voice, Video and Authentication API
		  for every application}},
  howpublished	= {\url{https://www.twilio.com/}}
}

@Misc{		  uber,
  author	= {{Uber}},
  title		= {Uber: Your Ride, On Demand},
  howpublished	= {\url{www.uber.com}}
}

@Misc{		  us-constitution-amend4,
  author	= {{United States}},
  title		= {{US Constituion: Amendment 4}},
  year		= {1789},
  month		= {Sep},
  howpublished	= {\url{www.gpo.gov/fdsys/pkg/CDOC-110hdoc50/pdf/CDOC-110hdoc50.pdf}}
}

@Misc{		  vault,
  author	= {{HashiCorp}},
  title		= {{Vault: A tool for managing secrets}},
  howpublished	= {\url{https://www.vaultproject.io/}}
}

@Misc{		  vintsurf-dropbox,
  author	= {vintsurf},
  title		= {{Dropbox... opening my docs?}},
  month		= {Sep},
  year		= {2013},
  howpublished	= {\url{www.wncinfosec.com/dropbox-opening-my-docs/}}
}

@Misc{		  whiteout,
  author	= {{Whiteout}},
  title		= {Whiteout Mail: Email Encryption for the Rest of Us},
  howpublished	= {\url{whiteout.io/}}
}

@TechReport{	  whitten1998,
  author	= {Whitten, Alma and Tygar, J. D.},
  number	= {102590},
  title		= {{Usability of security: A case study}},
  url		= {oai.dtic.mil/oai/oai?verb=getRecord\&metadataPrefix=html\&identifier=ADA361032},
  year		= {1998}
}

@InProceedings{	  whitten1999,
  author	= {Whitten, Alma and Tygar, J. D.},
  booktitle	= {Proceedings of the 8th USENIX Security Symposium},
  pages		= {679--702},
  title		= {{Why Johnny can't encrypt: A usability evaluation of PGP
		  5.0}},
  url		= {www.usenix.org/events/sec99/full\_papers/whitten/whitten.ps},
  year		= {1999}
}

@InProceedings{	  wilcox-o'hearn2008,
  address	= {New York, New York, USA},
  author	= {Wilcox-O'Hearn, Zooko and Warner, Brian},
  booktitle	= {Proceedings of the 4th ACM international workshop on
		  Storage security and survivability},
  doi		= {10.1145/1456469.1456474},
  isbn		= {9781605582993},
  pages		= {21--26},
  publisher	= {ACM Press},
  title		= {{Tahoe: the least-authority filesystem}},
  url		= {dl.acm.org/citation.cfm?id=1456474},
  year		= {2008}
}

@Article{	  wilson2014,
  archiveprefix	= {arXiv},
  arxivid	= {arXiv:1404.2697v1},
  author	= {Wilson, Duane C. and Ateniese, Giuseppe},
  eprint	= {arXiv:1404.2697v1},
  journal	= {arXiv preprint arXiv:1404.2697},
  title		= {{To Share or Not to Share in Client-Side Encrypted
		  Clouds}},
  url		= {arxiv.org/abs/1404.2697},
  year		= {2014}
}

@Article{	  wobber2007,
  author	= {Wobber, Ted and Yumerefendi, Aydan and Abadi, Mart\'{\i}n
		  and Birrell, Andrew and Simon, Daniel R.},
  doi		= {10.1145/1272998.1273033},
  isbn		= {9781595936363},
  issn		= {01635980},
  journal	= {ACM SIGOPS Operating Systems Review},
  month		= jun,
  number	= {3},
  pages		= {355},
  title		= {{Authorizing applications in singularity}},
  url		= {portal.acm.org/citation.cfm?doid=1272998.1273033},
  volume	= {41},
  year		= {2007}
}

@Misc{		  wuala,
  author	= {{LaCie AG}},
  title		= "Wuala: Secure Cloud Storage",
  howpublished	= {\url{www.wuala.com}}
}

@Article{	  wulf1974,
  author	= {Wulf, W. and Cohen, E. and Corwin, W. and Jones, A. and
		  Levin, R. and Pierson, C. and Pollack, F.},
  doi		= {10.1145/355616.364017},
  issn		= {00010782},
  journal	= {Communications of the ACM},
  month		= jun,
  number	= {6},
  pages		= {337--345},
  title		= {{HYDRA: The Kernel of a Multiprocessor Operating System}},
  url		= {portal.acm.org/citation.cfm?doid=355616.364017},
  volume	= {17},
  year		= {1974}
}

@Misc{		  yahoo-endtoend,
  author	= {{Yahoo}},
  title		= "End-To-End",
  howpublished	= {\url{https://github.com/yahoo/end-to-end}}
}

@Article{	  ylonen1996,
  author	= {Ylonen, Tatu},
  journal	= {Proceedings of the 6th USENIX Security Symposium},
  title		= {{SSH–secure login connections over the Internet}},
  url		= {static.usenix.org/publications/library/proceedings/sec96/full\_papers/ylonen/ylonen.ps},
  year		= {1996}
}

@Misc{		  yubikey,
  author	= {Yubico},
  title		= "YubiKey Standard",
  howpublished	= {\url{www.yubico.com/products/yubikey-hardware/yubikey}}
}
